@book{pandoc,
author = {A.~ {Krewinkel and A.~ Lucero,}},
title = {{pandoc 3.0 Release notes,}},
publisher = {pandoc    #pandoc-3.0--01-18},
year = {2023},
url = {https://pandoc.org/releases.html}
}
@book{pandocfilters,
author = {{John MacFarlane and other pandoc authors,}},
title = {{Pandoc Lua filters,}},
publisher = {pandoc documentation},
year = {2023},
url = {https://pandoc.org/lua-filters.html}
}


