% put bibtex entries here!
@Book{plotly,
    author = {Carson Sievert},
    title = {{Interactive Web-Based Data Visualizatio}n with R, plotly, and shiny},
    publisher = {Chapman and Hall/CRC},
    year = {2020},
    isbn = {9781138331457},
    url = {https://plotly-r.com},
  }

@Manual{crosstalk,
  title = {{crosstalk}: Inter-Widget Interactivity for HTML Widgets},
  author = {Joe Cheng and Carson Sievert},
  year = {2021},
  note = {R package version 1.1.1},
  url = {https://CRAN.R-project.org/package=crosstalk},
}

@article{RJ-2021-050,
  author = {Earo Wang and Dianne Cook},
  title = {Conversations in time: interactive visualisation to explore
          structured temporal data},
  year = {2021},
  journal = {The R Journal},
  doi = {10.32614/RJ-2021-050},
  url = {https://journal.r-project.org/archive/2021/RJ-2021-050/index.html}
}

@Manual{palmerpenguins,
  title = {{palmerpenguins}: Palmer Archipelago (Antarctica) penguin data},
  author = {Allison Marie Horst and Alison Presmanes Hill and Kristen B Gorman},
  year = {2020},
  note = {R package version 0.1.0},
  url = {https://allisonhorst.github.io/palmerpenguins/},
}

@misc{latex, 
  author = {{The LaTeX Project}},
  title = {LaTeX â€“ A document preparation system},
  year = 2023,
  howpublished={https://www.latex-project.org}
}

@Book{rmarkdown,
    title = {R Markdown: The Definitive Guide},
    author = {Yihui Xie and J.J. Allaire and Garrett Grolemund},
    publisher = {Chapman and Hall/CRC},
    address = {Boca Raton, Florida},
    year = {2018},
    isbn = {9781138359338},
    url = {https://bookdown.org/yihui/rmarkdown},
}

@Book{knitr,
    title = {Dynamic Documents with {R} and knitr},
    author = {Yihui Xie},
    publisher = {Chapman and Hall/CRC},
    address = {Boca Raton, Florida},
    year = {2015},
    edition = {2nd},
    note = {ISBN 978-1498716963},
    url = {https://yihui.org/knitr/},
}

@Manual{distill,
    title = {distill: 'R Markdown' Format for Scientific and Technical Writing},
    author = {Christophe Dervieux and JJ Allaire and Rich Iannone and Alison {Presmanes Hill} and Yihui Xie},
    year = {2022},
    note = {R package version 1.5},
    url = {https://CRAN.R-project.org/package=distill},
}

@misc{pandoc,
  author = {John MacFarlane},
  title = {Pandoc: a universal document converter},
  year = {2023},
  howpublished = {https://pandoc.org}
}