@book{casflow,
author = {{Josh Cassidy}},
title = {{LaTeX Graphics using TikZ: A Tutorial for Beginners (Part 3)—Creating Flowcharts}},
publisher = {Overleaf tutorials},
year = {2013},
url = {https://www.overleaf.com/learn/latex/}
}
@book{algoexample,
author = {{Christophe Fiorio}},
title = {{algorithm2e.sty — package for algorithms, release 5.2}},
publisher = {CTAN},
year = {2017},
url = {https://mirror.kku.ac.th/CTAN/macros/latex/contrib/algorithm2e/doc/algorithm2e.pdf}
}
@book{pandoc,
author = {{Albert Krewinkel and Aner Lucero}},
title = {{pandoc 3.0 Release notes}},
publisher = {pandoc    #pandoc-3.0--01-18},
year = {2023},
url = {https://pandoc.org/releases.html}
}

